@article{5G,
  author          = {A. Gupta and R. K. Jha},
  journal         = {IEEE Access},
  title           = {A Survey of 5G Network: Architecture and Emerging Technologies},
  volume          = {3},
  pages           = {1206--1232},
  month           = {July},
  year            = {2015}
}

@article{IoT,
  author          = {Ashkan Yousef and Caleb Fung},
  title           = {All one needs to know about fog computing and related edge computing paradigms: A complete survey},
  journal         = {Journal of Systems Architecture},
  volume          = {98}, 
  month           = {September},
  pages           = {289--330},
  year            = {2019}
}

@article{sensor,
  author          = {Jia Zhang and Bob Iannucci and Mark Hennessy and Kaushik Gopal and Sean Xiao and Sumeet Kumar and David Pfeffer},
  journal         = {IEEE International Conference on Services Computing},
  title           = {Sensor Data as a Service -- A Federated Platform for Mobile Data-centric Service Development and Sharing},
  month           = {June},
  year            = {2013}
}

@article{Edge-computing,
  author          = {Pedro Garcia Lopez and  Alberto Montresor},
  title           = {Edge-centric Computing: Vision and Challenges},
  journal         = {ACM SIGCOMM Computer Communication Review},
  volume          = {45},
  pages           = {37–},
  year            = {2015}
}

@misc{MQTT, 
  title           = {MQTT: The Standard for IoT Messaging},
  howpublished    = {\url{https://mqtt.org/}}
}

@misc{Cloud-computing,
  title           = {what-is-cloud-computing},
  howpublished    = {\url{https://cloud.google.com/learn/what-is-cloud-computing#section-1}}
}

@article{Cloud-computing-survey,
  author          = {Lawrence, Dr. L. Arockiam and Monikandan, S. and Parthasarathy, G.},
  year            = {2017},
  month           = {01},
  ages            = {21-28},
  title           = {Cloud Computing: A Survey},
  journal         = {International Journal of Computer and Communication Technology},
  doi             = {10.47893/IJCCT.2017.1393}
}

@article{Cloud-computing-SDN,
  author          = {Eldhai, Arwa and Hamdan, Mosab and Khan, Suleman and Abdelaziz, Ahmed and Babikir, Sharief and Imran, Muhammad and Marsono, Muhammad Nadzir},
  year            = {2021},
  month           = {05},
  pages           = {108151},
  title           = {Software-Defined Networks for Resource Allocation in Cloud Computing: A Survey},
  volume          = {195},
  journal         = {Computer Networks},
  doi             = {10.1016/j.comnet.2021.108151}
}

@article{Cloud-computing-report,
  author          = {Shabana, A. and Divya, Dr},
  year            = {2021},
  month           = {09},
  pages           = {326-329},
  title           = {A Survey Study Report on Cloud Computing},
  journal         = {International Journal of Advanced Research in Science, Communication and Technology},
  doi             = {10.48175/IJARSCT-1977}
}

@misc{Iaas-Paas-Saas,
  title           = {What are Iaas Paas and Saas},
  howpublished    = {\url{https://www.ibm.com/topics/iaas-paas-saas}}
}

@misc{Cloud-computing-benefits,
  title           = {Cloud-computing-benefits},
  howpublished    = {\url{https://www.oracle.com/cloud/what-is-cloud-computing/#cloud-computing-benefits}}
}

@misc{Internet-of-Things,
  title           = {Internet of things},
  howpublished    = {\url{https://en.wikipedia.org/wiki/Internet_of_things}}
}

@article{IoT-survey,
  author          = {Ayoub, Ibrahim and Balakrichenan, Sandoche and Khawam, Kinda and Ampeau, Benoît},
  year            = {2023},
  month           = {05},
  pages           = {4473},
  title           = {DNS for IoT: A Survey},
  volume          = {23},
  journal         = {Sensors},
  doi             = {10.3390/s23094473}
}

@article{IoT-Industrial,
  author          = {Farooq, Shoaib and Abdullah, Muhammad and Riaz, Shamyla and Alvi, Atif and Rustam, Furqan and Flores, Miguel and Galán, Juan and Samad, Md and Ashraf, Imran},
  year            = {2023},
  month           = {11},
  pages           = {8958},
  title           = {A Survey on the Role of Industrial IoT in Manufacturing for Implementation of Smart Industry},
  volume          = {23},
  journal         = {Sensors},
  doi             = {10.3390/s23218958}
}

@inbook{IoT-Modules,
  author          = {Gao, Yifan and Chai, Rong},
  year            = {2023},
  month           = {05},
  pages           = {28-39},
  title           = {A Survey on IoT Modules: Architecture, Key Technologies and Future Directions},
  isbn            = {978-3-031-31274-8},
  doi             = {10.1007/978-3-031-31275-5_3}
}

@misc{Edge-computing-wiki,
  title           = {Edge computing},
  howpublished    = {\url{https://en.wikipedia.org/wiki/Edge_computing}}
}

@article{Edge-computing-survey,
  author          = {George A. Shaji and George A.s and Baskar Dr and s A},
  year            = {2023},
  month           = {06},
  pages           = {19-44},
  title           = {Edge Computing and the Future of Cloud Computing: A Survey of Industry Perspectives and Predictions},
  volume          = {02},
  doi             = {10.5281/zenodo.8020101}
}

@article{Edge-computing-IoT,
  author          = {Kong, Xiangjie and Yuhan, Wu and Wang, Hui and Xia, Feng},
  year            = {2022},
  month           = {12},
  pages           = {1-1},
  title           = {Edge Computing for Internet of Everything: A Survey},
  volume          = {PP},
  journal         = {IEEE Internet of Things Journal},
  doi             = {10.1109/JIOT.2022.3200431}
}

@article{Edge-computing-Smart-Factory,
  author          = {Argungu, Jamilu and Malami Idina, Mustapha and Chalawa, Umar and Ummar, Musa and Buhari Bello, Sadiq and Arzika, Ibrahim and Mala, Baba},
  year            = {2023},
  month           = {09},
  pages           = {17-30},
  title           = {A Survey of Edge Computing Approaches in Smart Factory},
  volume          = {12},
  journal         = {International Journal of Advanced Computer Research},
  doi             = {10.17148/IJARCCE.2023.12903}
}

@article{Protocol-Compare,
  author          = {Tukade, Tanya Mohan and Banakar, Rajeshwari},
  year            = {2018},
  month           = {01},
  pages           = {121-138},
  title           = {Data transfer protocols in IoT-an overview},
  volume          = {118},
  journal         = {International Journal of Pure and Applied Mathematics}
}

@article{IoT-with-MQTT,
  author          = {Muneer Bani Yassein and Mohammed Q. Shatnawi and Shadi Aljwarneh and Razan Al-Hatmi},
  journal         = {International Conference on Engineering and MIS (ICEMIS)},
  title           = {Internet of Things: Survey and open issues of MQTT protocol},
  pages           = {1--6},
  month           = {May},
  year            = {2021}
}

@misc{Publish-subscribe,
  title           = {Publish and subscribe pattern},
  howpublished    = {\url{https://en.wikipedia.org/wiki/Publish-subscribe\_pattern/}}
}

@article{System-based-on-MQTT,
  author          = {Hyun Cheon Hwang and JiSu Park and Jin Gon Shon},
  journal         = {Wireless Personal Communications},
  title           = {Design and Implementation of a Reliable Message Transmission System Based on MQTT Protocol in IoT},
  volume          = {91},
  pages           = {1765–-1777},
  month           = {June},
  year            = {2016}
}

@article{A-SURVEY-ON-MQTT,
  author          = {Dipa Soni and Ashwin Makwana},
  journal         = {International conference on telecommunication},
  title           = {A SURVEY ON MQTT: A PROTOCOL OF INTERNET OF THINGS(IOT)},
  month           = {April},
  year            = {2017}
}

@misc{QoS,
  title           = {Quality of Service},
  howpublished    = {\url{https://en.wikipedia.org/wiki/Quality\_of\_Service/}}
}

@Misc{Mosquitto,
  title           = {Eclipse Mosquitto},
  howpublished    = {\url{https://mosquitto.org/}}
}

@misc{max_inflight_messages,
  title           = {max\_inflight\_messages},
  howpublished    = {\url{https://mosquitto.org/man/mosquitto-conf-5.html/}}
}

@misc{Docker,
  title           = {Docker},
  howpublished    = {\url{https://www.docker.com/}}
}

@misc{kubernetes,
  title           = {Production-Grade Container Orchestration},
  howpublished    = {\url{https://kubernetes.io/}}
}

@misc{Amazon-EKS,
  title           = {Amazon Elastic Kubernetes Service},
  howpublished    = {\url{https://aws.amazon.com/eks/}}
}

@misc{Amazon-EC2,
  title           = {Amazon EC2},
  howpublished    = {\url{https://aws.amazon.com/pm/ec2/?nc1=h\_ls/}}
}

@misc{fargate,
  title           = {AWS Fargate},
  howpublished    = {\url{https://aws.amazon.com/fargate/}}
}

@misc{Prometheus,
  title           = {Prometheus - Monitoring system \& time series database},
  howpublished    = {\url{https://prometheus.io/}}
}

@misc{CNCF,
  title           = {Prometheus - Cloud Native Computing Foundation},
  howpublished    = {\url{https://www.cncf.io/projects/prometheus/}}
}

@inbook{MQTT-Performance-Evaluation-1,
  author          = {Biswajeeban Mishra},
  year            = {2018},
  month           = {07},
  pages           = {599-609},
  title           = {Performance Evaluation of MQTT Broker Servers},
  isbn            = {978-3-319-95170-6},
  doi             = {10.1007/978-3-319-95171-3_47}
}

@inproceedings{MQTT-Performance-Evaluation-2,
  author          = {Biswajeeban Mishra and Biswaranjan Mishra},
  year            = {2020},
  month           = {06},
  pages           = {},
  title           = {Evaluating and Analyzing MQTT Brokers with Stress-testing}
}

@article{MQTT-Stress-test,
  author          = {Biswajeeban Mishra and Biswaranjan Mishra and Attila Kertész},
  year            = {2021},
  month           = {09},
  pages           = {5817},
  title           = {Stress-Testing MQTT Brokers: A Comparative Analysis of Performance Measurements},
  volume          = {14},
  journal         = {Energies},
  doi             = {10.3390/en14185817}
}

@inproceedings{MQTT-Large-payloads-Evaluation,
  author          = {Eric Gamess and Trent Ford and Monica Trifas},
  year            = {2021},
  month           = {04},
  pages           = {154-162},
  title           = {Performance evaluation of a widely used implementation of the MQTT protocol with large payloads in normal operation and under a DoS attack},
  doi             = {10.1145/3409334.3452067}
}

@article{MQTT-Raspberry-Pi,
author            = {Trent Ford and Eric Gamess and Christopher Ogden},
year              = {2022},
month             = {03},
pages             = {1-18},
title             = {Performance Evaluation of Different Raspberry Pi Models as MQTT Servers and Clients},
volume            = {14},
journal           = {International journal of Computer Networks and Communications},
doi               = {10.5121/ijcnc.2022.14201}
}

@article{Cloud-edge-continuum,
  author          = {Fu Kaihua and Zhang Wei and Chen Quan and Zeng Deze and Guo Minyi},
  year            = {2021},
  month           = {11},
  pages           = {1-1},
  title           = {Adaptive Resource Efficient Microservice Deployment in Cloud-Edge Continuum},
  volume          = {PP},
  journal         = {IEEE Transactions on Parallel and Distributed Systems},
  doi             = {10.1109/TPDS.2021.3128037}
}

@article{MQTT-IoT-Benchmarking,
  author          = {Linh Pham and Nguyen Thang},
  year            = {2019},
  month           = {01},
  pages           = {59},
  title           = {A Benchmarking Tool for Elastic MQTT Brokers in IoT Applications},
  volume          = {4},
  journal         = {International Journal of Information and Communication Sciences},
  doi             = {10.11648/j.ijics.20190404.11}
}

@Inbook{Ifrah2019,
  author          = {Ifrah, Shimon},
  title           = {Troubleshooting Amazon AWS Containerized Solutions},
  bookTitle       = {Deploy Containers on AWS: With EC2, ECS, and EKS},
  year            = {2019},
  publisher       = {Apress},
  address         = {Berkeley, CA},
  pages           = {339--358},
  isbn            = {978-1-4842-5101-0},
  doi             = {10.1007/978-1-4842-5101-0_10}
}

@book{Amazon-EC2-ECS-EKS,
  author          = {Ifrah, Shimon},
  year            = {2019},
  month           = {01},
  pages           = {},
  title           = {Deploy Containers on AWS: With EC2, ECS, and EKS},
  isbn            = {978-1-4842-5100-3},
  doi             = {10.1007/978-1-4842-5101-0}
}

@article{Kubernetes-Cluster,
  author          = {Poniszewska-Maranda, Aneta and Czechowska, Ewa},
  year            = {2021},
  month           = {03},
  pages           = {1910},
  title           = {Kubernetes Cluster for Automating Software Production Environment},
  volume          = {21},
  journal         = {Sensors},
  doi             = {10.3390/s21051910}
}

@misc{Edge-Cloud,
  title           = {What is Edge Cloud},
  howpublished    = {\url{https://www.vmware.com/topics/glossary/content/edge-cloud.html}}
}

@unknown{Edge-and-Cloud,
  author          = {Khalyeyev, Danylo and Bures, Tomas and Hnětynka, Petr},
  year            = {2023},
  month           = {09},
  pages           = {},
  title           = {Towards characterization of edge-cloud continuum}
}

@article{IoT-Edge-Cloud,
  author          = {Gkonis, Panagiotis and Giannopoulos, Anastasios and Panagiotis, Trakadas and Masip-Bruin, Xavi and D’Andria, Francesco},
  year            = {2023},
  month           = {11},
  pages           = {383},
  title           = {A Survey on IoT-Edge-Cloud Continuum Systems: Status, Challenges, Use Cases, and Open Issues},
  volume          = {15},
  journal         = {Future Internet},
  doi             = {10.3390/fi15120383}
}

@unknown{Edge-Cloud-Tools,
  author          = {Moreschini, Sergio and Younesian, Elham and Hästbacka, David and Albano, Michele and Hosek, Jiri and Taibi, Davide},
  year            = {2023},
  month           = {05},
  pages           = {},
  title           = {Edge to Cloud Tools: A Multivocal Literature Review}
}

@misc{Amazon-EKS-guide,
  title           = "{Amazon EKS guide}",
  howpublished    = {\url{https://pages.awscloud.com/GLOBAL-partner-DL-Streamlining-Amazon-EKS-Operations-A-How-To-Guide-2023-learn.html}}
}

@article{GridSim,
  author          = {Buyya, Rajkumar and Murshed, Manzur},
  year            = {2002},
  month           = {11},
  pages           = {},
  title           = {GridSim: A Toolkit for the Modeling and Simulation of Distributed Resource Management and Scheduling for Grid Computing},
  volume          = {14},
  journal         = {Concurrency and Computation: Practice and Experience},
  doi             = {10.1002/cpe.710}
}

@article{Edge-to-Cloud-Continuum,
  author          = {D. Milojicic},
  journal         = {Computer},
  title           = {The Edge-to-Cloud Continuum},
  year            = {2020},
  volume          = {53},
  number          = {11},
  issn            = {1558-0814},
  pages           = {16-25},
  abstract        = {Computer hosts a virtual roundtable with three experts to discuss the opportunities and obstacles regarding edge-to-cloud technology.},
  keywords        = {cloud computing;edge computing},
  doi             = {10.1109/MC.2020.3007297},
  publisher       = {IEEE Computer Society},
  address         = {Los Alamitos, CA, USA},
  month           = {nov}
}

@unknown{Edge-Cloud-Continuum,
  author          = {Rosendo, Daniel and Costan, Alexandru and Valduriez, Patrick and Antoniu, Gabriel},
  year            = {2022},
  month           = {04},
  pages           = {},
  title           = {Distributed intelligence on the Edge-to-Cloud Continuum: A systematic literature review}
}

@article{Edge-Cloud-Solutions,
  author          = {Belcastro, L. and Marozzo, Fabrizio and Orsino, Alessio and Talia, Domenico and Trunfio, Paolo},
  year            = {2023},
  month           = {04},
  pages           = {},
  title           = {Edge-Cloud Continuum Solutions for Urban Mobility Prediction and Planning},
  volume          = {11},
  journal         = {IEEE Access},
  doi             = {10.1109/ACCESS.2023.3267471}
}


@Misc{GKE,
    title="{Google Kubernetes Engine (GKE): The most scalable and fully automated Kubernetes service}",
    howpublished={\url{https://cloud.google.com/kubernetes-engine}},
}


@Misc{AKS,
    title="{Azure Kubernetes Service (AKS)}",
    howpublished={\url{https://azure.microsoft.com/en-us/products/kubernetes-service/}},
}


@Misc{EKS,
    title="{Amazon Elastic Kubernetes Service}",
    howpublished={\url{https://aws.amazon.com/eks/}},
}

@Misc{k8s,
    title="{Kubernetes: Production-Grade Container Orchestration}",
    howpublished={\url{https://kubernetes.io/}},
}

@Misc{dockerhub,
    title="{Docker Hub: Develop faster. Run anywhere.}",
    howpublished={\url{https://hub.docker.com/}},
}



@inproceedings{tou-os,
  author          = {董 允治 and 中田 秀基 and 谷村 勇輔},
  booktitle       = {情報処理学会研究報告},
  volume = {2022-OS-158(12)},
  title           = {ネットワークエッジを活用したデータ収集システムに向けたMQTTの性能計測},
  year            = {2023}
}




@inproceedings{tou-hpc,
  author          = {董 允治 and 中田 秀基 and 谷村 勇輔},
  booktitle       = {情報処理学会研究報告},
  volume = {2022-HPC-191(11)},
  title           = {ネットワークエッジを活用した大規模データ収集システムのテスト環境構築と最適化の検討},
  year            = {2023}
}

@INPROCEEDINGS{grid5000,
  author={Cappello, F. and Caron, E. and Dayde, M. and Desprez, F. and Jegou, Y. and Primet, P. and Jeannot, E. and Lanteri, S. and Leduc, J. and Melab, N. and Mornet, G. and Namyst, R. and Quetier, B. and Richard, O.},
  booktitle={The 6th IEEE/ACM International Workshop on Grid Computing, 2005.}, 
  title={Grid'5000: a large scale and highly reconfigurable grid experimental testbed}, 
  year={2005},
  volume={},
  number={},
  pages={8 pp.-},
}

@article{simgrid,
  hal_id = {hal-01017319},
  url = {http://hal.inria.fr/hal-01017319},
  title = {Versatile, Scalable, and Accurate Simulation of Distributed Applications and Platforms},
  author = {Casanova, Henri and Giersch, Arnaud and Legrand, Arnaud and Quinson, Martin and Suter, Fr{\'e}d{\'e}ric},
  publisher = {Elsevier},
  pages = {2899-2917},
  journal = {Journal of Parallel and Distributed Computing},
  volume = {74},
  number = {10},
  year = {2014},
  month = Jun,
  pdf = {http://hal.inria.fr/hal-01017319/PDF/simgrid3-journal.pdf},
}
